
@collection{eliaz_degradation_2012,
	location = {New York, {NY}},
	title = {Degradation of Implant Materials},
	rights = {https://www.springernature.com/gp/researchers/text-and-data-mining},
	isbn = {978-1-4614-3941-7 978-1-4614-3942-4},
	url = {https://link.springer.com/10.1007/978-1-4614-3942-4},
	publisher = {Springer New York},
	editor = {Eliaz, Noam},
	urldate = {2024-06-21},
	date = {2012},
	langid = {english},
	doi = {10.1007/978-1-4614-3942-4},
	file = {Eliaz - 2012 - Degradation of Implant Materials.pdf:/home/jan/Zotero/storage/9AYMZRJJ/Eliaz - 2012 - Degradation of Implant Materials.pdf:application/pdf},
}
